@article{lamb2006,
    author    =  {Justin Lamb, et al},
    title     =  {The Connectivity Map: Using Gene Expression Signatures to Connect Small Molecules, Genes, and Disease},
    journal   = {Science},
    volume   = {313},
    year      =  {2006}
}