@article {BIMJ:BIMJ19750170808,
author = {Toutenburg, H.},
title = {Hollander, M., D. A. Wolfe: Nonparametric statistical methods. John Wiley & Sons, New York-Sydney-Tokyo-Mexico City 1973. 503 S., $9.50},
journal = {Biometrische Zeitschrift},
volume = {17},
number = {8},
publisher = {WILEY-VCH Verlag},
issn = {1521-4037},
url = {http://dx.doi.org/10.1002/bimj.19750170808},
doi = {10.1002/bimj.19750170808},
pages = {526--526},
year = {1975},
}
